<?xml version="1.0" encoding="UTF-8"?><collection xmlns="http://www.loc.gov/MARC21/slim"><record><leader>00525nam--2200193-u-4500</leader><controlfield tag="001">000054259</controlfield><controlfield tag="002">20161230</controlfield><controlfield tag="005">20170106162955</controlfield><controlfield tag="008">111101s1000------------r-----000-0-rus-d</controlfield><datafield ind1=" " ind2=" " tag="040"><subfield code="a">IFIN-HH</subfield></datafield><datafield ind1=" " ind2=" " tag="041"><subfield code="a">rus</subfield></datafield><datafield ind1=" " ind2=" " tag="080"><subfield code="a">771.531:539.1.073.7</subfield></datafield><datafield ind1="1" ind2=" " tag="100"><subfield code="a">Voinov, V. G</subfield></datafield><datafield ind1="1" ind2="0" tag="245"><subfield code="a">Mnogokratnoe rasseianie ceatit v iadernih fotoemulsiah</subfield><subfield code="c">V.G. Voinov, I.Ia. Ceasnikov</subfield></datafield><datafield ind1=" " ind2=" " tag="260"><subfield code="a">Alma-Ata</subfield><subfield code="b">Nuaka</subfield><subfield code="c">1969</subfield></datafield><datafield ind1=" " ind2=" " tag="300"><subfield code="a">131 p</subfield></datafield><datafield ind1="1" ind2=" " tag="700"><subfield code="a">Ceasnikov, I. Ia</subfield></datafield><datafield ind1=" " ind2=" " tag="852"><subfield code="a">31893</subfield><subfield code="c">539.1.073.7</subfield></datafield><datafield ind1=" " ind2=" " tag="CAT"><subfield code="a">SYS</subfield><subfield code="c">20170106</subfield><subfield code="h">162955</subfield></datafield></record></collection>